@misc{UNGA2015transform,
  author       = {United Nations General Assembly},
  title        = {Transforming our world: The 2030 agenda for sustainable development},
  year         = {2015},
  note         = {Resolution adopted by the General Assembly on 25 September 2015 (A/RES/70/1)},
  url          = {https://sustainabledevelopment.un.org/post2015/transformingourworld}
}

@misc{GovernmentBruneiNDwawasan,
  author       = {Government of Brunei Darussalam},
  title        = {Brunei Darussalam long-term development plan. Wawasan Brunei 2035},
  year         = {2020}
}

@article{moran1948interpretation,
  title={The interpretation of statistical maps},
  author={Moran, Patrick AP},
  journal={Journal of the Royal Statistical Society. Series B (Methodological)},
  volume={10},
  number={2},
  pages={243--251},
  year={1948},
  publisher={JSTOR},
  url={https://www.jstor.org/stable/2983777}
}

@book{moraga2023spatial,
  title={Spatial statistics for data science: theory and practice with R},
  author={Moraga, Paula},
  year={2023},
  publisher={CRC Press},
  url={https://www.paulamoraga.com/book-spatial/}
}

@Manual{bruneimap,
  title = {bruneimap: {M}aps and {S}patial {D}ata of {B}runei ({R} package version 0.3.1.9001)},
  author = {Haziq Jamil},
  year = {2025},
  url = {https://bruneiverse.github.io/bruneimap/},
}

@article{jamil2025archives,
  author = {Jamil, Haziq and Noorosmawie, Amira Barizah and Rabu,
    Hafeezul Waezz and Abdul Razak, Lutfi},
  title = {From {Archives} to {AI:} {Residential} {Property} {Data}
    {Across} {Three} {Decades} in {Brunei} {Darussalam}},
  journal = {Data in Brief},
  date = {2025-03-23},
  url = {https://bruneiverse.github.io/house-data/},
  doi = {10.1016/j.dib.2025.111505},
  note = {In Press},
  langid = {en},
}

@incollection{ebil2023overview,
  title={Overview of education in Brunei Darussalam},
  author={Ebil, Syazana and Shahrill, Masitah},
  booktitle={International handbook on education in South East Asia},
  pages={1--21},
  year={2023},
  publisher={Springer},
  doi={10.1007/978-981-16-8136-3_46-1}
}

@incollection{salbrina2024education,
  title={Education in Brunei},
  author={Salbrina, Sharbawi and Deterding, David and Nur Raihan, Mohamad},
  booktitle={Brunei English: A New Variety in a Multilingual Society},
  pages={17--32},
  year={2024},
  publisher={Springer},
  doi={10.1007/978-3-031-60303-7_2}
}

@article{abdul2021development,
  title={The development and growth of inclusive education in Brunei Darussalam},
  author={Abdul Latif, Siti Norhedayah and Matzin, Rohani and Escoto-Kemp, Aurelia},
  journal={Globalisation, Education, and Reform in Brunei Darussalam},
  pages={151--175},
  year={2021},
  publisher={Springer},
  doi={10.1007/978-3-030-77119-5_8}
}

@article{mohamad2018towards,
  title={Towards Wawasan Brunei 2035: early childhood education and development in Brunei Darussalam},
  author={Mohamad, Hanapi and Yaakub, Rosyati M and Pearson, Emma Claire and Sim, Jennifer Tan Poh},
  journal={International handbook of early childhood education},
  pages={551--567},
  year={2018},
  publisher={Springer},
  doi={10.1007/978-94-024-0927-7_25}
}

@article{besag1991bayesian,
  title={Bayesian image restoration, with two applications in spatial statistics},
  author={Besag, Julian and York, Jeremy and Molli{\'e}, Annie},
  journal={Annals of the institute of statistical mathematics},
  volume={43},
  number={1},
  pages={1--20},
  year={1991},
  publisher={Springer}
}

@book{banerjee2003hierarchical,
  title={Hierarchical modeling and analysis for spatial data},
  author={Banerjee, Sudipto and Carlin, Bradley P and Gelfand, Alan E},
  year={2003},
  publisher={Chapman and Hall/CRC}
}

@article{rue2009approximate,
  title={Approximate Bayesian inference for latent Gaussian models by using integrated nested Laplace approximations},
  author={Rue, H{\aa}vard and Martino, Sara and Chopin, Nicolas},
  journal={Journal of the Royal Statistical Society Series B: Statistical Methodology},
  volume={71},
  number={2},
  pages={319--392},
  year={2009},
  publisher={Oxford University Press}
}